% This file was created with JabRef 2.10.
% Encoding: UTF8


@Article{abrahamse2005review,
  Title                    = {A review of intervention studies aimed at household energy conservation},
  Author                   = {Abrahamse, Wokje and Steg, Linda and Vlek, Charles and Rothengatter, Talib},
  Journal                  = {Journal of environmental psychology},
  Year                     = {2005},
  Number                   = {3},
  Pages                    = {273--291},
  Volume                   = {25},

  Publisher                = {Elsevier}
}

@Article{andreoni1988free,
  Title                    = {Why free ride?: Strategies and learning in public goods experiments},
  Author                   = {Andreoni, James},
  Journal                  = {Journal of public Economics},
  Year                     = {1988},
  Number                   = {3},
  Pages                    = {291--304},
  Volume                   = {37},

  Publisher                = {Elsevier}
}

@InCollection{card1989theory,
  Title                    = {Theory-driven design research},
  Author                   = {Card, Stuart K},
  Booktitle                = {Applications of Human Performance Models to System Design},
  Publisher                = {Springer},
  Year                     = {1989},
  Pages                    = {501--509}
}

@Article{corradi2013oops,
  Title                    = {Oops, I forgot the light on! The cognitive mechanisms supporting the execution of energy saving behaviors},
  Author                   = {Corradi, Nicola and Priftis, Konstantinos and Jacucci, Giulio and Gamberini, Luciano},
  Journal                  = {Journal of Economic Psychology},
  Year                     = {2013},
  Pages                    = {88--96},
  Volume                   = {34},

  Publisher                = {Elsevier}
}

@Article{delmas2013information,
  Title                    = {Information strategies and energy conservation behavior: A meta-analysis of experimental studies from 1975 to 2012},
  Author                   = {Delmas, Magali A and Fischlein, Miriam and Asensio, Omar I},
  Journal                  = {Energy Policy},
  Year                     = {2013},
  Pages                    = {729--739},
  Volume                   = {61},

  Publisher                = {Elsevier}
}

@Article{dewees2011impact,
  Title                    = {The impact of sub-metering on condominium electricity demand},
  Author                   = {Dewees, Donald and Tombe, Trevor},
  Journal                  = {Canadian Public Policy},
  Year                     = {2011},
  Number                   = {4},
  Pages                    = {435--457},
  Volume                   = {37},

  Publisher                = {University of Toronto Press Incorporated}
}

@InProceedings{dick2012empowering,
  Title                    = {Empowering users to become designers: using meta-design environments to enable and motivate sustainable energy decisions},
  Author                   = {Dick, Holger and Eden, Hal 
and Fischer, Gerhard and Zietz, Jason},
  Booktitle                = {Proceedings of the 12th Participatory Design Conference: Exploratory Papers, Workshop Descriptions, Industry Cases-Volume 2},
  Year                     = {2012},
  Organization             = {ACM},
  Pages                    = {49--52}
}

@Article{dietz2015altruism,
  Title                    = {Altruism, self-interest, and energy consumption},
  Author                   = {Dietz, Thomas},
  Journal                  = {Proceedings of the National Academy of Sciences},
  Year                     = {2015},
  Number                   = {6},
  Pages                    = {1654--1655},
  Volume                   = {112},

  Publisher                = {National Acad Sciences}
}

@InProceedings{Dillahunt:2009:GEU:1620545.1620583,
  Title                    = {It's Not All About ``Green'': Energy Use in Low-income Communities},
  Author                   = {Dillahunt, Tawanna and Mankoff, Jennifer and Paulos, Eric and Fussell, Susan},
  Booktitle                = {Proceedings of the 11th International Conference on Ubiquitous Computing},
  Year                     = {2009},

  Address                  = {New York, NY, USA},
  Pages                    = {255--264},
  Publisher                = {ACM},
  Series                   = {UbiComp '09},

  Acmid                    = {1620583},
  Doi                      = {10.1145/1620545.1620583},
  ISBN                     = {978-1-60558-431-7},
  Keywords                 = {domestic computing, low-income, sustainability},
  Location                 = {Orlando, Florida, USA},
  Numpages                 = {10}
}

@Article{egan1999graphical,
  Title                    = {Graphical displays and comparative energy information: what do people understand and prefer},
  Author                   = {Egan, Christine},
  Journal                  = {Summer study of the European council for an energy efficient economy},
  Year                     = {1999},
  Number                   = {2-12}
}

@Article{feldman2005overcoming,
  Title                    = {Overcoming free-riding behavior in peer-to-peer systems},
  Author                   = {Feldman, Michal and Chuang, John},
  Journal                  = {ACM SIGecom Exchanges},
  Year                     = {2005},
  Number                   = {4},
  Pages                    = {41--50},
  Volume                   = {5},

  Publisher                = {ACM}
}

@Book{festinger1962theory,
  Title                    = {A theory of cognitive dissonance},
  Author                   = {Festinger, Leon},
  Publisher                = {Stanford university press},
  Year                     = {1962},
  Volume                   = {2}
}

@InProceedings{foster2010wattsup,
  Title                    = {Wattsup?: motivating reductions in domestic energy consumption using social networks},
  Author                   = {Foster, Derek and Lawson, Shaun and Blythe, Mark and Cairns, Paul},
  Booktitle                = {Proceedings of the 6th Nordic Conference on Human-Computer Interaction: Extending Boundaries},
  Year                     = {2010},
  Organization             = {ACM},
  Pages                    = {178--187}
}

@InProceedings{froehlich2009promoting,
  Title                    = {Promoting energy efficient behaviors in the home through feedback: The role of human-computer interaction},
  Author                   = {Froehlich, Jon},
  Booktitle                = {Proc. HCIC Workshop},
  Year                     = {2009},
  Pages                    = {0--10},
  Volume                   = {9}
}

@Article{geller2005experience,
  Title                    = {The experience with energy efficiency policies and programmes in IEA countries},
  Author                   = {Geller, Howard and Attali, Sophie},
  Journal                  = {Learning from the Critics. Paris: IEA. IEA Information Paper},
  Year                     = {2005}
}

@Article{hargreaves2010making,
  Title                    = {Making energy visible: A qualitative field study of how householders interact with feedback from smart energy monitors},
  Author                   = {Hargreaves, Tom and Nye, Michael and Burgess, Jacquelin},
  Journal                  = {Energy policy},
  Year                     = {2010},
  Number                   = {10},
  Pages                    = {6111--6119},
  Volume                   = {38},

  Publisher                = {Elsevier}
}

@InProceedings{holmes2007eco,
  Title                    = {Eco-visualization: combining art and technology to reduce energy consumption},
  Author                   = {Holmes, Tiffany Grace},
  Booktitle                = {Proceedings of the 6th ACM SIGCHI conference on Creativity \& cognition},
  Year                     = {2007},
  Organization             = {ACM},
  Pages                    = {153--162}
}

@InProceedings{huizenga2015shedding,
  Title                    = {Shedding lights on human values: an approach to engage families with energy conservation},
  Author                   = {Huizenga, Janine and Piccolo, Lara and Wippoo, Meia and Meili, Christoph and Bullen, Andrew},
  Booktitle                = {15th IFIP TC.13 International Conference on Human-Computer Interaction - INTERACT},
  Year                     = {2015},
  Publisher                = {Springer}
}

@Article{isaac1984divergent,
  Title                    = {Divergent evidence on free riding: An experimental examination of possible explanations},
  Author                   = {Isaac, R Mark and Walker, James M and Thomas, Susan H},
  Journal                  = {Public choice},
  Year                     = {1984},
  Number                   = {2},
  Pages                    = {113--149},
  Volume                   = {43},

  Publisher                = {Springer}
}

@Article{katzev1983social,
  Title                    = {A social-psychological analysis of residential electricity consumption: The impact of minimal justification techniques},
  Author                   = {Katzev, Richard D and Johnson, Theodore R},
  Journal                  = {Journal of Economic Psychology},
  Year                     = {1983},
  Number                   = {3},
  Pages                    = {267--284},
  Volume                   = {3},

  Publisher                = {Elsevier}
}

@InProceedings{knowles2014patterns,
  Title                    = {Patterns of persuasion for sustainability},
  Author                   = {Knowles, Bran and Blair, Lynne and Walker, Stuart and Coulton, Paul and Thomas, Lisa and Mullagh, Louise},
  Booktitle                = {Proceedings of the 2014 conference on Designing interactive systems},
  Year                     = {2014},
  Organization             = {ACM},
  Pages                    = {1035--1044}
}

@Article{Kollmuss2002,
  Title                    = {Mind the gap: why do people act environmentally and what are the barriers to pro-environmental behavior?},
  Author                   = {Kollmuss, Anja and Agyeman, Julian},
  Journal                  = {Environmental education research},
  Year                     = {2002},
  Number                   = {3},
  Pages                    = {239--260},
  Volume                   = {8},

  Publisher                = {Taylor \& Francis}
}

@Article{kollmuss2002mind,
  Title                    = {Mind the gap: why do people act environmentally and what are the barriers to pro-environmental behavior?},
  Author                   = {Kollmuss, Anja and Agyeman, Julian},
  Journal                  = {Environmental education research},
  Year                     = {2002},
  Number                   = {3},
  Pages                    = {239--260},
  Volume                   = {8},

  Publisher                = {Taylor \& Francis}
}

@Article{kowalski2009sustainable,
  Title                    = {Sustainable energy futures: Methodological challenges in combining scenarios and participatory multi-criteria analysis},
  Author                   = {Kowalski, Katharina and Stagl, Sigrid and Madlener, Reinhard and Omann, Ines},
  Journal                  = {European Journal of Operational Research},
  Year                     = {2009},
  Number                   = {3},
  Pages                    = {1063--1074},
  Volume                   = {197},

  Publisher                = {Elsevier}
}

@Article{lopes2012energy,
  Title                    = {Energy behaviours as promoters of energy efficiency: A 21st century review},
  Author                   = {Lopes, MAR and Antunes, CH and Martins, N},
  Journal                  = {Renewable and Sustainable Energy Reviews},
  Year                     = {2012},
  Number                   = {6},
  Pages                    = {4095--4104},
  Volume                   = {16},

  Publisher                = {Elsevier}
}

@Article{maibach2008communication,
  Title                    = {Communication and marketing as climate change--intervention assets: A public health perspective},
  Author                   = {Maibach, Edward W and Roser-Renouf, Connie and Leiserowitz, Anthony},
  Journal                  = {American journal of preventive medicine},
  Year                     = {2008},
  Number                   = {5},
  Pages                    = {488--500},
  Volume                   = {35},

  Publisher                = {Elsevier}
}

@Article{mani2013inducing,
  Title                    = {Inducing peer pressure to promote cooperation},
  Author                   = {Mani, Ankur and Rahwan, Iyad and Pentland, Alex},
  Journal                  = {Scientific reports},
  Year                     = {2013},
  Volume                   = {3},

  Publisher                = {Nature Publishing Group}
}

@InProceedings{mankoff2010stepgreen,
  Title                    = {StepGreen. org: Increasing Energy Saving Behaviors via Social Networks.},
  Author                   = {Mankoff, Jennifer and Fussell, Susan R and Dillahunt, Tawanna and Glaves, Rachel and Grevet, Catherine and Johnson, Michael and Matthews, Deanna and Matthews, H Scott and McGuire, Robert and Thompson, Robert and others},
  Booktitle                = {ICWSM},
  Year                     = {2010}
}

@Article{mckenzie2000fostering,
  Title                    = {Fostering sustainable behavior through community-based social marketing.},
  Author                   = {McKenzie-Mohr, Doug},
  Journal                  = {American psychologist},
  Year                     = {2000},
  Number                   = {5},
  Pages                    = {531},
  Volume                   = {55},

  Publisher                = {American Psychological Association}
}

@Article{munley1990electricity,
  Title                    = {Electricity demand in multi-family, renter-occupied residences},
  Author                   = {Munley, Vincent G and Taylor, Larry W and Formby, John P},
  Journal                  = {Southern Economic Journal},
  Year                     = {1990},
  Pages                    = {178--194},

  Publisher                = {JSTOR}
}

@Article{nyborg2013constructing,
  Title                    = {Constructing users in the smart grid?insights from the Danish eFlex project},
  Author                   = {Nyborg, Sophie and R{\o}pke, Inge},
  Journal                  = {Energy Efficiency},
  Year                     = {2013},
  Number                   = {4},
  Pages                    = {655--670},
  Volume                   = {6},

  Publisher                = {Springer}
}

@Article{ockwell2009reorienting,
  Title                    = {Reorienting climate change communication for effective mitigation: forcing people to be green or fostering grass-roots engagement?},
  Author                   = {Ockwell, David and Whitmarsh, Lorraine and O'Neill, Saffron},
  Journal                  = {Science Communication},
  Year                     = {2009},

  Publisher                = {SAGE Publications}
}

@InProceedings{Petkov_KFMK_11,
  Title                    = {Engaging energy saving through motivation-specific social comparison},
  Author                   = {Petkov, Petromil and Kˆbler, Felix and Foth, Marcus and Medland, Richard and Krcmar, Helmut},
  Booktitle                = {International Conference on Human Factors in Computing Systems (CHI)},
  Year                     = {2011},

  Address                  = {Vancouver, Canada},
  Month                    = {apr},
  Pages                    = {1945-1950},
  Publisher                = {ACM},

  Doi                      = {10.1145/1979742.1979855},
  Keywords                 = {urban informatics, persuasive technology, sustainable hci, comparative feedback, social networking,
 energy monitoring}
}

@Article{petre2013free,
  Title                    = {Free Riding and Energy Use: Empirical evidence from residential electricity demand in Sweden},
  Author                   = {Petr{\'e}, Ingel},
  Year                     = {2013}
}

@Article{pierce2003state,
  Title                    = {The state of psychological ownership: Integrating and extending a century of research.},
  Author                   = {Pierce, Jon L and Kostova, Tatiana and Dirks, Kurt T},
  Journal                  = {Review of general psychology},
  Year                     = {2003},
  Number                   = {1},
  Pages                    = {84},
  Volume                   = {7},

  Publisher                = {Educational Publishing Foundation}
}

@Article{reeves2015increasing,
  Title                    = {Increasing Energy Efficiency With Entertainment Media An Experimental and Field Test of the Influence of a Social Game on Performance of Energy Behaviors},
  Author                   = {Reeves, Byron and Cummings, James J and Scarborough, James K and Yeykelis, Leo},
  Journal                  = {Environment and Behavior},
  Year                     = {2015},
  Number                   = {1},
  Pages                    = {102--115},
  Volume                   = {47},

  Publisher                = {SAGE Publications}
}

@Article{schultz2015strategies,
  Title                    = {Strategies for Promoting Proenvironmental Behavior},
  Author                   = {Schultz, P Wesley},
  Journal                  = {European Psychologist},
  Year                     = {2015},

  Publisher                = {Hogrefe Publishing}
}

@Article{senbel2014social,
  Title                    = {Social mobilization of climate change: University students conserving energy through multiple pathways for peer engagement},
  Author                   = {Senbel, Maged and Ngo, Victor Douglas and Blair, Erik},
  Journal                  = {Journal of Environmental Psychology},
  Year                     = {2014},
  Pages                    = {84--93},
  Volume                   = {38},

  Publisher                = {Elsevier}
}

@Article{thogersen2009simple,
  Title                    = {Simple and painless? The limitations of spillover in environmental campaigning},
  Author                   = {Th{\o}gersen, John and Crompton, Tom},
  Journal                  = {Journal of Consumer Policy},
  Year                     = {2009},
  Number                   = {2},
  Pages                    = {141--163},
  Volume                   = {32},

  Publisher                = {Springer}
}

@Article{wilson2007models,
  Title                    = {Models of decision making and residential energy use},
  Author                   = {Wilson, Charlie and Dowlatabadi, Hadi},
  Journal                  = {Annual review of environment and resources},
  Year                     = {2007},
  Number                   = {1},
  Pages                    = {169},
  Volume                   = {32}
}

@InProceedings{yim2011tale,
  Title                    = {Tale of Two Green Communities: Energy Informatics and Social Competition on Energy Conservation Behavior.},
  Author                   = {Yim, Dobin},
  Booktitle                = {AMCIS},
  Year                     = {2011}
}

@article{schwartz2015people,
 title={What people do with consumption feedback: A long-term living lab study of a home energy management system},
 author={Schwartz, Tobias and Stevens, Gunnar and Jakobi, Timo and Denef, Sebastian and Ramirez, Leonardo and Wulf, Volker and Randall, Dave},
 journal={Interacting with Computers},
 volume={27},
 number={6},
 pages={551--576},
 year={2015},
 publisher={Oxford University Press}
}


@article{edward2015review,
 title={A Review of Energy Reduction Competitions. What Have We Learned?},
 author={Edward, Vine and Jones, Christopher M},
 journal={California Public Utilities Commission},
 year={2015}
}

